@inproceedings{nguyen2017content,
  title={Content poisoning in {Named Data Networking}: Comprehensive characterization of real deployment},
  author={Nguyen, Tan and Marchal, Xavier and Doyen, Guillaume and Cholez, Thibault and Cogranne, R{\'e}mi},
  booktitle={Proc. IFIP/IEEE Symposium on Integrated Network and Service Management},
  year={2017},
%  pages={72--80},
  
%  organization={IEEE}
}

@inproceedings{ghali2014needle,
  title={Needle in a haystack: Mitigating content poisoning in {Named-Data Networking}},
  author={Ghali, Cesar and Tsudik, Gene and Uzun, Ersin and others},
  booktitle={Proc. NDSS Workshop on Security of Emerging Networking Technologies (SENT)},
  year={2014}
}

@ARTICLE{yu2018content,  author={Y. {Yu} and Y. {Li} and X. {Du} and R. {Chen} and B. {Yang}},  journal={IEEE Communications Magazine},   title={Content Protection in Named Data Networking: Challenges and Potential Solutions},   year={2018},  volume={56},  number={11},  pages={82-87},  

% doi={10.1109/MCOM.2018.1701086}
}

@INPROCEEDINGS{8401591,
author={H. L. {Mai} and M. {Aouadj} and G. {Doyen} and D. {Kondo} and X. {Marchal} and T. {Cholez} and E. M. {de Oca} and W. {Mallouli}},
booktitle={2018 21st Conference on Innovation in Clouds, Internet and Networks and Workshops (ICIN)},
title={Implementation of content poisoning attack detection and reaction in virtualized NDN networks},
year={2018},
volume={},
number={},
pages={1-3},
keywords={computer network security;virtualisation;content poisoning attack detection;virtualized NDN network;orchestration;counter-measures;security incidents;network operators;NDN specific attacks;orchestrator;montimage monitoring tool;Measurement;Security;Monitoring;Medical services;Network topology;Bayes methods;Detectors},
doi={10.1109/ICIN.2018.8401591},
ISSN={2472-8144},
month={Feb},}

@misc{benet2014ipfs,
    title={IPFS - Content Addressed, Versioned, P2P File System},
    author={Juan Benet},
    year={2014},
    eprint={1407.3561},
    archivePrefix={arXiv},
    primaryClass={cs.NI}
}

@book{Newman2010,
  added-at = {2012-11-14T13:41:26.000+0100},
  address = {Oxford; New York},
  author = {Newman, M. E. J.},
  biburl = {https://www.bibsonomy.org/bibtex/294f82a12bd7c95a9c781b6636188ee3f/lopusz_kdd},
  description = {Networks: An Introduction: Mark Newman: 9780199206650: Amazon.com: Books},
  interhash = {f76c00ea14de2458944b349efe9fc7ea},
  intrahash = {94f82a12bd7c95a9c781b6636188ee3f},
  isbn = {9780199206650 0199206651},
  keywords = {networks},
  publisher = {Oxford University Press},
  refid = {456837194},
  timestamp = {2012-11-20T16:24:19.000+0100},
  title = {Networks: an introduction},
  url = {http://www.amazon.com/Networks-An-Introduction-Mark-Newman/dp/0199206651/ref=sr_1_5?ie=UTF8&qid=1352896678&sr=8-5&keywords=complex+networks},
  year = 2010
}


@article{zhang2014named,
  title={{Named Data Networking}},
  author={Zhang, Lixia and Afanasyev, Alexander and Burke, Jeffrey and Jacobson, Van and Claffy, KC and Crowley, Patrick and Papadopoulos, Christos and Wang, Lan and Zhang, Beichuan},
  journal={ACM SIGCOMM Computer Communication Review},
  volume={44},
  number={3},
  pages={66--73},
  year={2014},
  publisher={ACM New York, NY, USA}
}

@inproceedings{koponen2007data,
  title={A data-oriented (and beyond) network architecture},
  author={Koponen, Teemu and Chawla, Mohit and Chun, Byung-Gon and Ermolinskiy, Andrey and Kim, Kye Hyun and Shenker, Scott and Stoica, Ion},
  booktitle={Proc. Conference on Applications, Technologies, Architectures, and Protocols for Computer Communications},
  year={2007}
%  pages={181--192},
  
}


@inproceedings{maniatis2003preserving,
  title={Preserving peer replicas by rate-limited sampled voting},
  author={Maniatis, Petros and Rosenthal, David SH and Roussopoulos, Mema and Baker, Mary and Giuli, Thomas J and Muliadi, Yanto},
  booktitle={Proc. 19th ACM Symposium on Operating Systems Principles},
  year={2003},
%  pages={44--59},
  
}

@article{zhou2018fake,
  title={Fake news: A survey of research, detection methods, and opportunities},
  author={Zhou, Xinyi and Zafarani, Reza},
  journal={arXiv preprint arXiv:1812.00315},
  year={2018}
}

@article{coburn2009modeling,
  title={Modeling influenza epidemics and pandemics: insights into the future of swine flu (H1N1)},
  author={Coburn, Brian J and Wagner, Bradley G and Blower, Sally},
  journal={BMC medicine},
  volume={7},
  number={1},
  pages={30},
  year={2009},
  publisher={BioMed Central}
}

@article{readeid,
  title={EID: High Contagiousness and Rapid Spread of Severe Acute Respiratory Syndrome Coronavirus 2},
  author={Read, Mark Channels}
}

@article{li2020early,
  title={Early transmission dynamics in Wuhan, China, of novel coronavirus--infected pneumonia},
  author={Li, Qun and Guan, Xuhua and Wu, Peng and Wang, Xiaoye and Zhou, Lei and Tong, Yeqing and Ren, Ruiqi and Leung, Kathy SM and Lau, Eric HY and Wong, Jessica Y and others},
  journal={New England Journal of Medicine},
  year={2020},
  publisher={Mass Medical Soc}
}

@book{harari2014sapiens,
  title={Sapiens: A brief history of humankind},
  author={Harari, Yuval Noah},
  year={2014},
  publisher={Random House}
}

@inproceedings{konorski2019mitigating,
  title={Mitigating Time-Constrained Stolen-Credentials Content Poisoning in an {NDN} Setting},
  author={Konorski, Jerzy},
  booktitle={Proc. 29th International Telecommunication Networks and Applications Conference},
  year={2019},
}

@inproceedings{kim2019stellar,
  title={Is Stellar as secure as you think?},
  author={Kim, Minjeong and Kwon, Yujin and Kim, Yongdae},
  booktitle={2019 IEEE European Symposium on Security and Privacy Workshops (EuroS\&PW)},
  pages={377--385},
  year={2019},
  organization={IEEE}
}

@misc{Safetyvs90:online,
author = {},
title = {Safety vs. Liveness in the Stellar Network},
howpublished = {\url{https://www.scs.stanford.edu/~dm/blog/safety-vs-liveness.html}},
month = {},
year = {},
note = {(Accessed on 07/07/2020)}
}

@inproceedings{castro1999practical,
  title={Practical {Byzantine} fault tolerance},
  author={Castro, Miguel and Liskov, Barbara and others},
  booktitle={OSDI},
  volume={99},
  number={1999},
  pages={173--186},
  year={1999}
}

@article{sayeed2019assessing,
  title={Assessing blockchain consensus and security mechanisms against the 51\% attack},
  author={Sayeed, Sarwar and Marco-Gisbert, Hector},
  journal={Applied Sciences},
  volume={9},
  number={9},
  pages={1788},
  year={2019},
  publisher={Multidisciplinary Digital Publishing Institute}
}

@article{fischer1985impossibility,
  title={Impossibility of distributed consensus with one faulty process},
  author={Fischer, Michael J and Lynch, Nancy A and Paterson, Michael S},
  journal={J. ACM},
  volume={32},
  number={2},
  pages={374--382},
  year={1985},
  publisher={ACM New York, NY, USA}
}

@incollection{lamport2019byzantine,
  title={The {Byzantine} generals problem},
  author={Lamport, Leslie and Shostak, Robert and Pease, Marshall},
  booktitle={Concurrency: the Works of Leslie Lamport},
  pages={203--226},
  year={2019}
}

@article{lamport1977proving,
  title={Proving the correctness of multiprocess programs},
  author={Lamport, Leslie},
  journal={IEEE transactions on software engineering},
  number={2},
  pages={125--143},
  year={1977},
  publisher={IEEE}
}

@article{salimitari2018survey,
  title={A survey on consensus protocols in blockchain for {IoT} networks},
  author={Salimitari, Mehrdad and Chatterjee, Mainak},
  journal={arXiv:1809.05613},
  year={2018}
}

@misc{FCPpdf50:online,
author = {Sean Rowan, Naïri Usher},
title = {The {Flare} Consensus Protocol: Fair, Fast Federated {Byzantine} Agreement Consensus},
journal={Flare.--URL: https://flare. xyz/app/uploads/2020/08/flare_v1.1. pdf},
month = {},
year = {},
note = {(Accessed on 08/28/2020)}
}


@inproceedings{gasti2013and,
  title={DoS and DDoS in named data networking},
  author={Gasti, Paolo and Tsudik, Gene and Uzun, Ersin and Zhang, Lixia},
  booktitle={2013 22nd International Conference on Computer Communication and Networks (ICCCN)},
  pages={1--7},
  year={2013},
  organization={IEEE}
}

@misc{RFC6819O36:online,
author = {},
title = {RFC 6819 - OAuth 2.0 Threat Model and Security Considerations},
howpublished = {\url{https://tools.ietf.org/html/rfc6819}},
month = {},
year = {},
note = {(Accessed on 09/04/2020)}
}

@misc{4ANewWay38:online,
author = {},
title = {(4) A New Way to look at Networking - YouTube},
howpublished = {\url{https://www.youtube.com/watch?v=gqGEMQveoqg}},
month = {},
year = {},
note = {(Accessed on 09/16/2020)}
}

@misc{NamedDat22:online,
author = {},
title = {Named Data Networking (NDN) - A Future Internet Architecture},
howpublished = {\url{https://named-data.net/}},
month = {},
year = {},
note = {(Accessed on 09/16/2020)}
}

@inproceedings{jacobson2009networking,
  title={Networking named content},
  author={Jacobson, Van and Smetters, Diana K and Thornton, James D and Plass, Michael F and Briggs, Nicholas H and Braynard, Rebecca L},
  booktitle={Proceedings of the 5th international conference on Emerging networking experiments and technologies},
  pages={1--12},
  year={2009}
}

@article{ahlgren2012survey,
  title={A survey of information-centric networking},
  author={Ahlgren, Bengt and Dannewitz, Christian and Imbrenda, Claudio and Kutscher, Dirk and Ohlman, Borje},
  journal={IEEE Communications Magazine},
  volume={50},
  number={7},
  pages={26--36},
  year={2012},
  publisher={IEEE}
}

@misc{2020Data0:online,
author = {},
title = {2020 Data Breach Investigations Report: Official | Verizon Enterprise Solutions},
howpublished = {\url{https://enterprise.verizon.com/resources/reports/dbir/}},
month = {},
year = {},
note = {(Accessed on 09/17/2020)}
}

@article{ouazine2018alliances,
  title={Alliances in graphs: Parameters, properties and applications—A survey},
  author={Ouazine, Kahina and Slimani, Hachem and Tari, Abdelkamel},
  journal={AKCE International Journal of Graphs and Combinatorics},
  volume={15},
  number={2},
  pages={115--154},
  year={2018},
  publisher={Elsevier}
}

@misc{RFC4880O31:online,
author = {},
title = {RFC 4880 - OpenPGP Message Format},
howpublished = {\url{https://tools.ietf.org/html/rfc4880}},
month = {},
year = {},
note = {(Accessed on 09/25/2020)}
}

@misc{nakamoto2008peer,
  added-at = {2014-04-17T08:33:06.000+0200},
  author = {Nakamoto, Satoshi},
  biburl = {https://www.bibsonomy.org/bibtex/23db66df0fc9fa2b5033f096a901f1c36/ngnn},
  interhash = {423c2cdff70ba0cd0bca55ebb164d770},
  intrahash = {3db66df0fc9fa2b5033f096a901f1c36},
  keywords = {imported},
  timestamp = {2014-04-17T08:33:06.000+0200},
  title = {Bitcoin: A peer-to-peer electronic cash system},
  url = {http://www.bitcoin.org/bitcoin.pdf},
  year = 2009
}




@article{wood2014ethereum,
  title={Ethereum: A secure decentralised generalised transaction ledger},
  author={Wood, Gavin and others},
  journal={Ethereum project yellow paper},
  volume={151},
  number={2014},
  pages={1--32},
  year={2014}
}

@article{mazieres2015stellar,
  title={{The Stellar consensus protocol: A federated model for Internet-level consensus}},
  author={Mazieres, David},
  journal={Stellar Development Foundation},
  volume={32},
  year={2015},
  publisher={Citeseer}
}

@InProceedings{merkle1989certified,
author="Merkle, Ralph C.",
title="A Certified Digital Signature",
booktitle="Proc. Advances in Cryptology --- CRYPTO' 89",
year="1990",
publisher="Springer",
pages="218--238",
%address="New York, NY",
% editor="Brassard, Gilles",

%abstract="A practical digital signature system based on a conventional encryption function which is as secure as the conventional encryption function is described. Since certified conventional systems are available it can be implemented quickly, without the several years delay required for certification of an untested system.",
%isbn="978-0-387-34805-6"
}
\iffalse
@inproceedings{merkle1989certified,
  title={A certified digital signature},
  author={Merkle, Ralph C},
  booktitle={Conference on the Theory and Application of Cryptology},
  pages={218--238},
  year={1989},
  organization={Springer}
}
\fi

@incollection{Xiao2019,
author = {Xiao, Yang and Zhang, Ning and Li, Jin and Lou, Wenjing and Hou, Y. Thomas},
publisher = {J. Wiley \& Sons, Inc.},
title = {Distributed Consensus Protocols and Algorithms},
booktitle = {Blockchain for Distributed Systems Security},
chapter = {2},
pages = {25-50},
year = {2019},
%isbn = {9781119519621},
%doi = {https://doi.org/10.1002/9781119519621.ch2},
%url = {https://onlinelibrary.wiley.com/doi/abs/10.1002/9781119519621.ch2},
%eprint = {https://onlinelibrary.wiley.com/doi/pdf/10.1002/9781119519621.ch2},
}

@misc{SAIL65:online,
author = {},
title = {SAIL},
howpublished = {project website},
url = {https://sail-project.eu},
month = {},
year = {},
note = {(Accessed on 11/14/2020)}
}

@inproceedings{Xiao2018Chapter1D,
  title={Chapter 1 Distributed Consensus Protocols and Algorithms},
  author={Y. Xiao and Ning Zhang and J. Li and W. Lou and Y. T. Hou},
  year={2018}
}

@article{xylomenos2013survey,
  title={A survey of information-centric networking research},
  author={Xylomenos, George and Ververidis, Christopher N and Siris, Vasilios A and Fotiou, Nikos and Tsilopoulos, Christos and Vasilakos, Xenofon and Katsaros, Konstantinos V and Polyzos, George C},
  journal={IEEE Communications Surveys \& Tutorials},
  volume={16},
  number={2},
  pages={1024--1049},
  year={2013},
  publisher={IEEE}
}

@inproceedings{Gasti2013,
  title={{DoS and DDoS in Named Data Networking}},
  author={P. Gasti and G. Tsudik and E. Uzun and L. Zhang},
  booktitle={Proc. 22nd Int. Conf. on Computer Communications and Networks},
  year={2013},
}

@inproceedings{DiBenedetto2016,
  title={{Mitigating poisoned content with forwarding strategy}},
  author={S. DiBenedetto and C. Papadopoulos},
  booktitle={Proc. IEEE INFOCOM Workshops},
  year={2016},
}

@ARTICLE{Saha2020,
  author={B. K. {Saha} and S. {Misra}},
  journal={IEEE Transactions on Mobile Computing}, 
  title={Mitigating {NDN}-Based Fake Content Dissemination in Opportunistic Mobile Networks}, 
  year={2020},
  volume={19},
  number={6},
  pages={1375-1386},
  doi={10.1109/TMC.2019.2908161}}

